@book{pro_git,
	author  = "Scott Chacon, Ben Straub",
	title   = "Pro Git",
	publisher = "Apress",
	year    = "1975"
}


